/Users/kuitang/Dropbox/Library/ML.bib