@inproceedings{Mimno,
    author = {Mimno, David and Wallach, Hanna M. and Talley, Edmund and Leenders, Miriam and McCallum, Andrew},
    title = {Optimizing Semantic Coherence in Topic Models},
    booktitle = {Proceedings of the Conference on Empirical Methods in Natural Language Processing},
    series = {EMNLP '11},
    year = {2011},
    isbn = {978-1-937284-11-4},
    location = {Edinburgh, United Kingdom},
    pages = {262--272},
    numpages = {11},
    url = {http://dl.acm.org/citation.cfm?id=2145432.2145462},
    acmid = {2145462},
    publisher = {Association for Computational Linguistics},
    address = {Stroudsburg, PA, USA},
} 

@article{Wei,
  author    = {Wei Li and
               David M. Blei and
               Andrew McCallum},
  title     = {Nonparametric Bayes Pachinko Allocation},
  journal   = {CoRR},
  volume    = {abs/1206.5270},
  year      = {2012},
  url       = {http://arxiv.org/abs/1206.5270},
  timestamp = {Fri, 10 Oct 2014 08:26:19 +0200},
  biburl    = {http://dblp.uni-trier.de/rec/bib/journals/corr/abs-1206-5270},
  bibsource = {dblp computer science bibliography, http://dblp.org}
}

@article{Blei,
  author    = {David M. Blei and
               Andrew Y. Ng and
               Michael I. Jordan},
  title     = {Latent Dirichlet Allocation},
  journal   = {Journal of Machine Learning Research},
  volume    = {3},
  pages     = {993--1022},
  year      = {2003},
  url       = {http://www.jmlr.org/papers/v3/blei03a.html},
  timestamp = {Thu, 05 Feb 2004 13:43:02 +0100},
  biburl    = {http://dblp.uni-trier.de/rec/bib/journals/jmlr/BleiNJ03},
  bibsource = {dblp computer science bibliography, http://dblp.org}
}

@article{Vilnis,
  author    = {Luke Vilnis and
               Andrew McCallum},
  title     = {Word Representations via Gaussian Embedding},
  journal   = {CoRR},
  volume    = {abs/1412.6623},
  year      = {2014},
  url       = {http://arxiv.org/abs/1412.6623},
  timestamp = {Thu, 01 Jan 2015 19:51:08 +0100},
  biburl    = {http://dblp.uni-trier.de/rec/bib/journals/corr/VilnisM14},
  bibsource = {dblp computer science bibliography, http://dblp.org}
}

@inproceedings{Newman,
    author = {Newman, David and Lau, Jey Han and Grieser, Karl and Baldwin, Timothy},
    title = {Automatic Evaluation of Topic Coherence},
    booktitle = {Human Language Technologies: The 2010 Annual Conference of the North American Chapter of the Association for Computational Linguistics},
    series = {HLT '10},
    year = {2010},
    isbn = {1-932432-65-5},
    location = {Los Angeles, California},
    pages = {100--108},
    numpages = {9},
    url = {http://dl.acm.org/citation.cfm?id=1857999.1858011},
    acmid = {1858011},
    publisher = {Association for Computational Linguistics},
    address = {Stroudsburg, PA, USA},
} 

@inproceedings{HTM,
    author = {David M. Blei and Thomas L. Griffiths and Michael I. Jordan and Joshua B. Tenenbaum},
    title = {Hierarchical Topic Models and the Nested Chinese Restaurant Process},
    booktitle = {Advances in Neural Information Processing Systems},
    year = {2004},
    pages = {2003},
    publisher = {MIT Press}
}

@article{Mikolov,
  author    = {Tomas Mikolov and
               Kai Chen and
               Greg Corrado and
               Jeffrey Dean},
  title     = {Efficient Estimation of Word Representations in Vector Space},
  journal   = {CoRR},
  volume    = {abs/1301.3781},
  year      = {2013},
  url       = {http://arxiv.org/abs/1301.3781},
  timestamp = {Thu, 07 May 2015 20:02:01 +0200},
  biburl    = {http://dblp.uni-trier.de/rec/bib/journals/corr/abs-1301-3781},
  bibsource = {dblp computer science bibliography, http://dblp.org}
}

@inproceedings{Pennington,
    address = {Doha, Qatar},
    author = {Pennington, Jeffrey and Socher, Richard and Manning, Christopher},
    booktitle = {Proceedings of the 2014 Conference on Empirical Methods in Natural Language Processing (EMNLP)},
    citeulike-article-id = {13526211},
    citeulike-linkout-0 = {http://www.aclweb.org/anthology/D14-1162},
    keywords = {semantics},
    month = oct,
    pages = {1532--1543},
    posted-at = {2015-02-24 04:47:57},
    priority = {2},
    publisher = {Association for Computational Linguistics},
    title = {{Glove: Global Vectors for Word Representation}},
    url = {http://www.aclweb.org/anthology/D14-1162},
    year = {2014}
}
